% Encoding: UTF-8

@article{zio2016challenges,
  title={Challenges in the vulnerability and risk analysis of critical infrastructures},
  author={Zio, Enrico},
  journal={Reliability Engineering \& System Safety},
  volume={152},
  pages={137--150},
  year={2016},
  publisher={Elsevier}
}

@article{johansson2013reliability,
  title={Reliability and vulnerability analyses of critical infrastructures: Comparing two approaches in the context of power systems},
  author={Johansson, Jonas and Hassel, Henrik and Zio, Enrico},
  journal={Reliability Engineering \& System Safety},
  volume={120},
  pages={27--38},
  year={2013},
  publisher={Elsevier}
}

@article{ouyang2014review,
  title={Review on modeling and simulation of interdependent critical infrastructure systems},
  author={Ouyang, Min},
  journal={Reliability engineering \& System safety},
  volume={121},
  pages={43--60},
  year={2014},
  publisher={Elsevier}
}

@article{buldyrev2010catastrophic,
  title={Catastrophic cascade of failures in interdependent networks},
  author={Buldyrev, Sergey V and Parshani, Roni and Paul, Gerald and Stanley, H Eugene and Havlin, Shlomo},
  journal={Nature},
  volume={464},
  number={7291},
  pages={1025--1028},
  year={2010},
  publisher={Nature Publishing Group}
}

@article{fang2019optimization,
  title={An Optimization-Based Framework for the Identification of Vulnerabilities in Electric Power Grids Exposed to Natural Hazards},
  author={Fang, Yi-Ping and Sansavini, Giovanni and Zio, Enrico},
  journal={Risk Analysis},
  volume={39},
  number={9},
  pages={1949--1969},
  year={2019},
  publisher={Wiley Online Library}
}

@article{fang2019adaptive,
  title={An adaptive robust framework for the optimization of the resilience of interdependent infrastructures under natural hazards},
  author={Fang, Yi-Ping and Zio, Enrico},
  journal={European Journal of Operational Research},
  volume={276},
  number={3},
  pages={1119--1136},
  year={2019},
  publisher={Elsevier}
}



@article{ouyang2014comparisons,
  title={Comparisons of complex network based models and real train flow model to analyze Chinese railway vulnerability},
  author={Ouyang, Min and Zhao, Lijing and Hong, Liu and Pan, Zhezhe},
  journal={Reliability Engineering \& System Safety},
  volume={123},
  pages={38--46},
  year={2014},
  publisher={Elsevier}
}

@article{mattsson2015vulnerability,
  title={Vulnerability and resilience of transport systems--A discussion of recent research},
  author={Mattsson, Lars-G{\"o}ran and Jenelius, Erik},
  journal={Transportation Research Part A: Policy and Practice},
  volume={81},
  pages={16--34},
  year={2015},
  publisher={Elsevier}
}

@article{chen2007network,
  title={Network-based accessibility measures for vulnerability analysis of degradable transportation networks},
  author={Chen, Anthony and Yang, Chao and Kongsomsaksakul, Sirisak and Lee, Ming},
  journal={Networks and Spatial Economics},
  volume={7},
  number={3},
  pages={241--256},
  year={2007},
  publisher={Springer}
}

@article{ouyang2015vulnerability,
  title={Vulnerability analysis of complementary transportation systems with applications to railway and airline systems in China},
  author={Ouyang, Min and Pan, ZheZhe and Hong, Liu and He, Yue},
  journal={Reliability Engineering \& System Safety},
  volume={142},
  pages={248--257},
  year={2015},
  publisher={Elsevier}
}

@article{reggiani2015transport,
  title={Transport resilience and vulnerability: The role of connectivity},
  author={Reggiani, Aura and Nijkamp, Peter and Lanzi, Diego},
  journal={Transportation research part A: policy and practice},
  volume={81},
  pages={4--15},
  year={2015},
  publisher={Elsevier}
}

@article{hong2015vulnerability,
  title={Vulnerability assessment and mitigation for the Chinese railway system under floods},
  author={Hong, Liu and Ouyang, Min and Peeta, Srinivas and He, Xiaozheng and Yan, Yongze},
  journal={Reliability Engineering \& System Safety},
  volume={137},
  pages={58--68},
  year={2015},
  publisher={Elsevier}
}

@article{zhang2016structural,
  title={Structural vulnerability and intervention of high speed railway networks},
  author={Zhang, Jianhua and Hu, Funian and Wang, Shuliang and Dai, Yang and Wang, Yixing},
  journal={Physica A: Statistical Mechanics and its Applications},
  volume={462},
  pages={743--751},
  year={2016},
  publisher={Elsevier}
}

@article{yan2017pre,
  title={Pre-disaster investment decisions for strengthening the Chinese railway system under earthquakes},
  author={Yan, Yongze and Hong, Liu and He, Xiaozheng and Ouyang, Min and Peeta, Srinivas and Chen, Xueguang},
  journal={Transportation research part E: logistics and transportation review},
  volume={105},
  pages={39--59},
  year={2017},
  publisher={Elsevier}
}

@article{ye2019assessing,
  title={Assessing network vulnerability of heavy rail systems with the impact of partial node failures},
  author={Ye, Qian and Kim, Hyun},
  journal={Transportation},
  volume={46},
  number={5},
  pages={1591--1614},
  year={2019},
  publisher={Springer}
}

@article{lu2019vulnerability,
  title={Vulnerability analysis of urban rail transit network within multi-modal public transport networks},
  author={Lu, Qing-Chang and Lin, Shan},
  journal={Sustainability},
  volume={11},
  number={7},
  pages={2109},
  year={2019},
  publisher={Multidisciplinary Digital Publishing Institute}
}

@article{hong2019spatiotemporal,
  title={Spatiotemporal vulnerability analysis of railway systems with heterogeneous train flows},
  author={Hong, Liu and Ye, Bowen and Yan, Han and Zhang, Hui and Ouyang, Min and He, Xiaozheng Sean},
  journal={Transportation Research Part A: Policy and Practice},
  volume={130},
  pages={725--744},
  year={2019},
  publisher={Elsevier}
}

@article{fang2020vulnerability,
  title={Vulnerability analysis of critical infrastructure under disruptions: An application to China Railway High-speed},
  author={Fang, Chao and Dong, Piao and Fang, Yi-Ping and Zio, Enrico},
  journal={Proceedings of the Institution of Mechanical Engineers, Part O: Journal of Risk and Reliability},
  volume={234},
  number={2},
  pages={235--245},
  year={2020},
  publisher={SAGE Publications Sage UK: London, England}
}


@article{berche2009resilience,
  title={Resilience of public transport networks against attacks},
  author={Berche, Bertrand and Von Ferber, Christian and Holovatch, Taras and Holovatch, Yu},
  journal={The European Physical Journal B},
  volume={71},
  number={1},
  pages={125--137},
  year={2009},
  publisher={Springer}
}

@article{berche2012transportation,
  title={Transportation network stability: a case study of city transit},
  author={Berche, Bertrand and FERBER, CHRISTIAN VON and Holovatch, Taras and Holovatch, Yurij},
  journal={Advances in Complex Systems},
  volume={15},
  number={supp01},
  pages={1250063},
  year={2012},
  publisher={World Scientific}
}

@article{derrible2010complexity,
  title={The complexity and robustness of metro networks},
  author={Derrible, Sybil and Kennedy, Christopher},
  journal={Physica A: Statistical Mechanics and its Applications},
  volume={389},
  number={17},
  pages={3678--3691},
  year={2010},
  publisher={Elsevier}
}

@article{rodriguez2014measuring,
  title={Measuring the vulnerability of public transport networks},
  author={Rodr{\'\i}guez-N{\'u}{\~n}ez, Eduardo and Garc{\'\i}a-Palomares, Juan Carlos},
  journal={Journal of transport geography},
  volume={35},
  pages={50--63},
  year={2014},
  publisher={Elsevier}
}

@article{de2012evaluating,
  title={Evaluating passenger robustness in a rail transit network},
  author={De-Los-Santos, Alicia and Laporte, Gilbert and Mesa, Juan A and Perea, Federico},
  journal={Transportation Research Part C: Emerging Technologies},
  volume={20},
  number={1},
  pages={34--46},
  year={2012},
  publisher={Elsevier}
}

@article{gedik2014vulnerability,
  title={Vulnerability assessment and re-routing of freight trains under disruptions: A coal supply chain network application},
  author={Gedik, Ridvan and Medal, Hugh and Rainwater, Chase and Pohl, Ed A and Mason, Scott J},
  journal={Transportation Research Part E: Logistics and Transportation Review},
  volume={71},
  pages={45--57},
  year={2014},
  publisher={Elsevier}
}




@article{zhang2014approach,
  title={An approach for modeling vulnerability of the network of networks},
  author={Zhang, Jianhua and Song, Bo and Zhang, Zhaojun and Liu, Haikuan},
  journal={Physica A: Statistical Mechanics and its Applications},
  volume={412},
  pages={127--136},
  year={2014},
  publisher={Elsevier}
}

@article{pant2016vulnerability,
  title={Vulnerability assessment framework for interdependent critical infrastructures: case-study for Great Britain’s rail network},
  author={Pant, Raghav and Hall, Jim W and Blainey, Simon P},
  journal={European Journal of Transport and Infrastructure Research},
  volume={16},
  number={1},
  year={2016}
}


@inproceedings{zio2010modeling,
  title={Modeling failure cascades in critical infrastructures with physically-characterized components and interdependencies},
  author={Zio, Enrico and Sansavini, Giovanni},
  booktitle={ESREL 2010 Annual Conference},
  pages={652--661},
  year={2010}
}

@inproceedings{zio2011modeling,
  title={Modeling cascading failures in systems of systems with uncertain behavior},
  author={Zio, Enrico and Sansavini, Giovanni},
  booktitle={ICASP11},
  pages={1858-1866},
  year={2011}
}





@article{abedi2019review,
  title={Review of major approaches to analyze vulnerability in power system},
  author={Abedi, Amin and Gaudard, Ludovic and Romerio, Franco},
  journal={Reliability Engineering \& System Safety},
  volume={183},
  pages={153--172},
  year={2019},
  publisher={Elsevier}
}

@article{johansson2010approach,
  title={An approach for modelling interdependent infrastructures in the context of vulnerability analysis},
  author={Johansson, Jonas and Hassel, Henrik},
  journal={Reliability Engineering \& System Safety},
  volume={95},
  number={12},
  pages={1335--1344},
  year={2010},
  publisher={Elsevier}
}

@article{johansson2011vulnerability,
  title={Vulnerability analysis of interdependent critical infrastructures: case study of the Swedish railway system},
  author={Johansson, Jonas and Hassel, Henrik and Cedergren, Alexander},
  journal={International journal of critical infrastructures},
  volume={7},
  number={4},
  pages={289--316},
  year={2011},
  publisher={Inderscience Publishers Ltd}
}

@article{guo2017critical,
  title={A critical review of cascading failure analysis and modeling of power system},
  author={Guo, Hengdao and Zheng, Ciyan and Iu, Herbert Ho-Ching and Fernando, Tyrone},
  journal={Renewable and Sustainable Energy Reviews},
  volume={80},
  pages={9--22},
  year={2017},
  publisher={Elsevier}
}

@inproceedings{dobson2001initial,
  title={An initial model for complex dynamics in electric power system blackouts},
  author={Dobson, Ian and Carreras, BA and Lynch, V and Newman, D},
  booktitle={Proceedings of the 34th annual Hawaii international conference on system sciences},
  volume={2},
  pages={2017--2017},
  year={2001},
  organization={Citeseer}
}

@article{carreras2002critical,
  title={Critical points and transitions in an electric power transmission model for cascading failure blackouts},
  author={Carreras, Benjamin A and Lynch, Vickie E and Dobson, Ian and Newman, David E},
  journal={Chaos: An interdisciplinary journal of nonlinear science},
  volume={12},
  number={4},
  pages={985--994},
  year={2002},
  publisher={American Institute of Physics}
}

@inproceedings{carreras2013validating,
  title={Validating OPA with WECC data},
  author={Carreras, Benjamin A and Newman, David E and Dobson, Ian and Degala, Naga S},
  booktitle={2013 46th Hawaii International Conference on System Sciences},
  pages={2197--2204},
  year={2013},
  organization={IEEE}
}

@article{wang2013vulnerability,
  title={Vulnerability analysis of interdependent infrastructure systems under edge attack strategies},
  author={Wang, Shuliang and Hong, Liu and Ouyang, Min and Zhang, Jianhua and Chen, Xueguang},
  journal={Safety science},
  volume={51},
  number={1},
  pages={328--337},
  year={2013},
  publisher={Elsevier}
}

@article{ouyang2016critical,
  title={Critical location identification and vulnerability analysis of interdependent infrastructure systems under spatially localized attacks},
  author={Ouyang, Min},
  journal={Reliability Engineering \& System Safety},
  volume={154},
  pages={106--116},
  year={2016},
  publisher={Elsevier}
}

@article{ouyang2009methodological,
  title={A methodological approach to analyze vulnerability of interdependent infrastructures},
  author={Ouyang, Min and Hong, Liu and Mao, Zi-Jun and Yu, Ming-Hui and Qi, Fei},
  journal={Simulation Modelling Practice and Theory},
  volume={17},
  number={5},
  pages={817--828},
  year={2009},
  publisher={Elsevier}
}

@article{van2014dc,
  title={DC power flow in unit commitment models},
  author={Van den Bergh, Kenneth and Delarue, Erik and D’haeseleer, William},
  journal={TME Work. Pap. Environ. Tech. Rep},
  year={2014}
}

@book{grainger2003power,
  title={Power system analysis},
  author={Grainger, John J and Stevenson, William D and Stevenson, William D and others},
  year={2003}
}

@ARTICLE{pandapower.2018,
    author={L. Thurner and A. Scheidler and F. Sch{\"a}fer and J. Menke and J. Dollichon and F. Meier and S. Meinecke and M. Braun},
    journal={IEEE Transactions on Power Systems},
    title={pandapower — An Open-Source Python Tool for Convenient Modeling, Analysis, and Optimization of Electric Power Systems},
    year={2018},
    month={Nov},
    volume={33},
    number={6},
    pages={6510-6521},
    doi={10.1109/TPWRS.2018.2829021},
    ISSN={0885-8950}}
    
@article{rinaldi2001identifying,
  title={Identifying, understanding, and analyzing critical infrastructure interdependencies},
  author={Rinaldi, Steven M and Peerenboom, James P and Kelly, Terrence K},
  journal={IEEE control systems magazine},
  volume={21},
  number={6},
  pages={11--25},
  year={2001},
  publisher={IEEE}
}

@article{mcdaniels2007empirical,
  title={Empirical framework for characterizing infrastructure failure interdependencies},
  author={McDaniels, Timothy and Chang, Stephanie and Peterson, Krista and Mikawoz, Joey and Reed, Dorothy},
  journal={Journal of Infrastructure Systems},
  volume={13},
  number={3},
  pages={175--184},
  year={2007},
  publisher={American Society of Civil Engineers}
}

@misc{greengauge2009fast,
  title={Fast forward—A high-speed rail strategy for Britain},
  author={Greengauge 21},
  year={2009},
  publisher={Author Kingston-upon-Thames}
}

@article{bukhsh2013network,
  title={Network data of real transmission networks},
  author={Bukhsh, WA and McKinnon, Ken},
  journal={Published online at http://www. maths. ed. ac. uk/optenergy/NetworkData},
  year={2013}
}


@article{uicenews616,
  title={A European-wide power and infrastructure break-down (“blackout”) and railways operators},
  journal={UIC eNews},
  volume={616},
  year={2018},
  publisher={UIC}
}

@misc{GBblackout_1,
  title = {Major power failure affects homes and transport},
  howpublished = {\url{https://www.bbc.com/news/uk-49300025?ns_mchannel=social&ns_source=twitter&ns_campaign=bbc_breaking&ns_linkname=news_central}},
  note = {Accessed: 2020-12-02}
}

@misc{GBblackout_2,
  title={Report following railway power disruption on 9th August 2019},
  author={Office of Rail and Road},
  year={2020}
}

@article{crucitti2004model,
  title={Model for cascading failures in complex networks},
  author={Crucitti, Paolo and Latora, Vito and Marchiori, Massimo},
  journal={Physical Review E},
  volume={69},
  number={4},
  pages={045104},
  year={2004},
  publisher={APS}
}

@article{motter2002cascade,
  title={Cascade-based attacks on complex networks},
  author={Motter, Adilson E and Lai, Ying-Cheng},
  journal={Physical Review E},
  volume={66},
  number={6},
  pages={065102},
  year={2002},
  publisher={APS}
}

@article{adjetey2016model,
  title={A model to quantify the resilience of mass railway transportation systems},
  author={Adjetey-Bahun, Kpotissan and Birregah, Babiga and Ch{\^a}telet, Eric and Planchet, Jean-Luc},
  journal={Reliability Engineering \& System Safety},
  volume={153},
  pages={1--14},
  year={2016},
  publisher={Elsevier}
}

@inproceedings{dorbritz2011assessing,
  title={Assessing the resilience of transportation systems in case of large-scale disastrous events},
  author={Dorbritz, Robert},
  booktitle={Environmental Engineering. Proceedings of the International Conference on Environmental Engineering. ICEE},
  volume={8},
  pages={1070},
  year={2011},
  organization={Vilnius Gediminas Technical University, Department of Construction Economics~…}
}

@article{zhang2016modeling,
  title={Modeling and simulation of the vulnerability of interdependent power-water infrastructure networks to cascading failures},
  author={Zhang, Yanlu and Yang, Naiding and Lall, Upmanu},
  journal={Journal of Systems Science and Systems Engineering},
  volume={25},
  number={1},
  pages={102--118},
  year={2016},
  publisher={Springer}
}

@article{almoghathawi2019resilience,
  title={Resilience-driven restoration model for interdependent infrastructure networks},
  author={Almoghathawi, Yasser and Barker, Kash and Albert, Laura A},
  journal={Reliability Engineering \& System Safety},
  volume={185},
  pages={12--23},
  year={2019},
  publisher={Elsevier}
}

@article{cupac2013comparing,
  title={Comparing dynamics of cascading failures between network-centric and power flow models},
  author={Cupac, Valentina and Lizier, Joseph T and Prokopenko, Mikhail},
  journal={International Journal of Electrical Power \& Energy Systems},
  volume={49},
  pages={369--379},
  year={2013},
  publisher={Elsevier}
}

@book{mahmoud2019networked,
  title={Networked control systems: cloud control and secure control},
  author={Mahmoud, Magdi S and Xia, Yuanqing},
  year={2019},
  publisher={Butterworth-Heinemann}
}

@book{glover2012power,
  title={Power system analysis \& design, SI version},
  author={Glover, J Duncan and Sarma, Mulukutla S and Overbye, Thomas},
  year={2012},
  publisher={Cengage Learning}
}

@book{li2014risk,
  title={Risk assessment of power systems: models, methods, and applications},
  author={Li, Wenyuan},
  year={2014},
  publisher={John Wiley \& Sons}
}

@article{fang2017emergence,
  title={Emergence of antifragility by optimum postdisruption restoration planning of infrastructure networks},
  author={Fang, Yiping and Sansavini, Giovanni},
  journal={Journal of Infrastructure Systems},
  volume={23},
  number={4},
  pages={04017024},
  year={2017},
  publisher={American Society of Civil Engineers}
}
